@BOOK{spline1,
  title = {Методы сплайн-функций},
  publisher = {М.Наука}, 
  year = {1980},
  author = {Завьялов, Ю.С.},
}

@BOOK{spline2,
  title = {Численные методы},
  publisher = {М.,Мир},
  year = {1980},
  author = {Калиткин},
  page = {32},
}

@ONLINE{raznosty,
      title = {Разделённая разность},
      year = {2015},
      url = {https://ru.wikipedia.org/wiki/%D0%A0%D0%B0%D0%B7%D0%B4%D0%B5%D0%BB%D1%91%D0%BD%D0%BD%D0%B0%D1%8F_%D1%80%D0%B0%D0%B7%D0%BD%D0%BE%D1%81%D1%82%D1%8C}
}

